@misc {tema5, key="tema5",
   author =	 "Molina, Ana I.",
   title = 	 "{Sistemas para la Colaboración 09-10, Tema 5: Interfaces colaborativas}",
 }