@misc(uispec4j, key="uispec4j",
    title="{UISpec4J}: {J}ava{/S}wing {GUI} testing made simple!",
    howpublished="\url{http://www.uispec4j.org/}")

@misc(mysql, key="mysql",
    title="{Página Web Oficial de MySQL}",
    howpublished="\url{http://www.mysql.com/}")
	
@misc(download-mysql, key="download-mysql",
    title="{Página Web para descargar MySQL}",
    howpublished="\url{http://www.mysql.com/downloads/mysql/}")
	
@misc(download-workbench, key="download-workbench",
    title="{Página Web para descargar MySQL Workbench (GUI Tools)}",
    howpublished="\url{http://www.mysql.com/downloads/workbench/}")

@misc(download-jdk, key="download-jdk",
    title="{Página Web para descargas de Java}",
    howpublished="\url{http://java.sun.com/javase/downloads/index.jsp}")