@misc(faq-manager, key="faq-manager",
    title="{Página de inicio de FAQ Manager}",
    howpublished="\url{http://chico.inf-cr.uclm.es/mhrv/2010/H10\_12/faq-manager.html}")
    
@misc(apache-homepage, key="apache-homepage",
    title="{Página de Apache HTTP Server}",
    howpublished="\url{http://httpd.apache.org/}")

@misc(php-homepage, key="php-homepage",
    title="{Página de PHP}",
    howpublished="\url{http://www.php.net/}")
    
@misc(mysql-homepage, key="mysql-homepage",
    title="{Página de MySQL}",
    howpublished="\url{http://www.mysql.com/}")
    
@misc(wamp-homepage, key="wamp-homepage",
    title="{Página de WAMP (Apache, MySQL y PHP en Windows}",
    howpublished="\url{http://www.wampserver.com/}")