@misc {groupware, key="groupware",
   author =	 "Molina, Ana I.",
   title = 	 "{Sistemas para la Colaboración 09-10, Tema 2: Groupware}",
 }
 
@misc(jsdt, key="jsdt",
    title="{JSDT Home Page}",
    howpublished="\url{https://jsdt.dev.java.net/}")
 
@misc(java, key="java",
    title="{Java Home Page}",
    howpublished="\url{http://java.sun.com/javase/}")
    
@misc(vp, key="vp",
    title="{Visual Paradigm Home Page}",
    howpublished="\url{http://www.visual-paradigm.com/}")
    
@misc(swing, key="swing",
    title="{Java Swing}",
    howpublished="\url{http://java.sun.com/j2se/1.4.2/docs/api/javax/swing/package-summary.html}")

@misc(eclipse, key="eclipse",
    title="{Eclipse Home Page}",
    howpublished="\url{http://www.eclipse.org/}")
    
@misc(jigloo, key="jigloo",
    title="{Plug-in Jigloo}",
    howpublished="\url{http://cloudgarden1.com/jigloo_444.zip}")
    
@misc(download-jdk, key="download-jdk",
    title="{Página Web para descargas de Java}",
    howpublished="\url{http://java.sun.com/javase/downloads/index.jsp}")
    
    
    
	

