@misc {jxta-homepage, key="jxta-homepage",
	title="Página {O}ficial de {JXTA}",
	howpublished="\url{http://jxta.dev.java.net/}"}
	
@misc {p2p-wikipedia, key="p2p-wikipedia",
	title="Wikipedia: {D}efinición del término \textit{peer-to-peer}",
	howpublished="\url{http://jxta.dev.java.net/}"}
	
@misc(download-jdk, key="download-jdk",
    title="{Página Web de descarga de Java}",
    howpublished="\url{http://java.sun.com/javase/downloads/index.jsp}")
	
@misc(download-jxta, key="download-jxta",
    title="{Página Web de descargas de JXTA}",
    howpublished="\url{http://download.java.net/jxta/}")

@misc(jxta-programming-guide, key="jxta-programming-guide",
    title="{Guía de programación de JXTA para Java SE/EE (JXSE) 2.5}",
    howpublished="\url{https://jxta-guide.dev.java.net/}")
    